@article{brakmo1995tcp,
title={TCP Vegas: End to end congestion avoidance on a global Internet},
author={Brakmo, Lawrence S. and Peterson, Larry L.},
journal={IEEE Journal on selected Areas in communications},
volume={13},
number={8},
pages={1465--1480},
year={1995},
publisher={IEEE}
}
@article{caini2004tcp,
title={TCP Hybla: a TCP enhancement for heterogeneous networks},
author={Caini, Carlo and Firrincieli, Rosario},
journal={International journal of satellite communications and networking},
volume={22},
number={5},
pages={547--566},
year={2004},
publisher={Wiley Online Library}
}
@article{fu2003tcp,
title={TCP Veno: TCP enhancement for transmission over wireless access networks},
author={Fu, Cheng Peng and Liew, Soung C},
journal={IEEE Journal on selected areas in communications},
volume={21},
number={2},
pages={216--228},
year={2003},
publisher={IEEE}
}
@article{ha2008cubic,
title={CUBIC: a new TCP-friendly high-speed TCP variant},
author={Ha, Sangtae and Rhee, Injong and Xu, Lisong},
journal={ACM SIGOPS Operating Systems Review},
volume={42},
number={5},
pages={64--74},
year={2008},
publisher={ACM}
}
@inproceedings{Fan2010,
author = {Fan, Xingzhe and Munson, Michelle},
booktitle = {SMPTE Annual Technical Conference},
file = {:Users/czifro/Dropbox/School/EWU/All{\_}Thesis{\_}Docs/10-5594{\_}M001352.pdf:pdf},
keywords = {10 gbps,2010 society of motion,2017 at 23,24 utc from ieee,51,all rights reserved,aspera,authorized licensed use limited,cifs,congestion control,copyright,downloaded on april 04,fasp,ftp,high-speed file transfer,i,ieee xplore,iscsi,nfs,o,picture and television engineers,protocol,rate control,restrictions apply,storage,tcp,to,wide area networks,xplore},
mendeley-groups = {Thesis-Unstaged},
pages = {2--13},
title = {{Petabytes in Motion : Ultra High Speed Transport of Media Files}},
year = {2010}
}
@misc{Bhushan1971,
author = {Bhushan, Abhay},
file = {:Users/czifro/Dropbox/School/EWU/All{\_}Docs/Bhushan{\_}Unknown{\_}File Transfer Protocol.pdf:pdf},
mendeley-groups = {Thesis},
title = {{File Transfer Protocol}},
url = {https://tools.ietf.org/pdf/rfc114.pdf},
year = {1971}
}
@article{He2002,
author = {He, E. and Leigh, J. and Yu, O. and DeFanti, T. A.},
doi = {10.1109/CLUSTR.2002.1137760},
file = {:Users/czifro/Dropbox/School/EWU/All{\_}Thesis{\_}Docs/cluster2002.pdf:pdf},
isbn = {0769517455},
issn = {15525244},
journal = {Proceedings - IEEE International Conference on Cluster Computing, ICCC},
keywords = {Analytical models,Bandwidth,Collaborative tools,Collaborative work,Delay,Helium,High speed optical techniques,Optical fiber networks,Predictive models,Ultraviolet sources},
mendeley-groups = {Thesis-Unstaged},
number = {March},
pages = {317--324},
title = {{Reliable Blast UDP: Predictable high performance bulk data transfer}},
volume = {2002-January},
year = {2002}
}
@techreport{Aspera2016,
author = {Aspera},
pages = {12},
title = {{Aspera FASP High Speed Transport - A Critical Technology Comparison}},
year = {2016}
}
@techreport{Meiss2007,
author = {Meiss, M},
booktitle = {Computer Networks},
file = {:Users/czifro/Dropbox/School/EWU/All{\_}Docs/Meiss{\_}2007{\_}Tsunami A high-speed rate-controlled protocol for file transfer.pdf:pdf},
mendeley-groups = {Thesis},
pages = {1--10},
title = {{Tsunami: A high-speed rate-controlled protocol for file transfer}},
url = {http://citeseerx.ist.psu.edu/viewdoc/download?doi=10.1.1.113.4551{\&}rep=rep1{\&}type=pdf},
year = {2004}
}
@article{gu2007udt,
title={UDT: UDP-based data transfer for high-speed wide area networks},
author={Gu, Yunhong and Grossman, Robert L},
journal={Computer Networks},
volume={51},
number={7},
pages={1777--1799},
year={2007},
publisher={Elsevier}
}
@article{Sivakumar2000psockets,
author={Sivakumar, H. and Bailey, S.M. and Grossman, R.L.},
title={PSockets: The Case for Application-level Network Striping for Data Intensive Applications using High Speed Wide Area Networks},
ISBN={0-7803-9802-5}, ISSN={1063-9535},
DOI={10.1109/SC.2000.10040},
number={April 2016},
journal={ACM/IEEE SC 2000 Conference (SC’00)},
year={2000},
pages={38–38}
}
@techreport{Allman1997,
author = {Allman, Mark and Ostermann, Shawn},
pages = {1--4},
title = {{Multiple Data Connection FTP Extensions}},
year = {1997}
}
@article{Allman1995,
author = {Allman, Mark and Ostermann, Shawn},
journal = {Proceedings of the ACTS Result Conference},
title = {{DATA TRANSFER EFFICIENCY OVER SATELLITE CIRCUITS USING A MULTI-SOCKET EXTENSION TO THE FILE TRANSFER PROTOCOL (FTP)}},
year = {1995}
}
@inproceedings{lai2009designing,
title={Designing efficient FTP mechanisms for high performance data-transfer over InfiniBand},
author={Lai, Ping and Subramoni, Hari and Narravula, Sundeep and Mamidala, Amit and Panda, Dhabaleswar K},
booktitle={Parallel Processing, 2009. ICPP'09. International Conference on},
pages={156--163},
year={2009},
organization={IEEE}
}
@article{Pfister2001,
author = {Pfister, Gregory F},
journal = {High Performance Mass Storage and Parallel {\{}I/O{\}}: Technologies and Applications},
keywords = {parallel I/O architecure, pario-bib},
number = {42},
pages = {617--632},
title = {{An Introduction to the InfiniBand Architecture}},
url = {http://www.buyya.com/superstorage/},
year = {2001}
}
@article{Leijen2009,
author = {Leijen, Daan and Schulte, Wolfram and Burckhardt, Sebastian},
doi = {10.1145/1639949.1640106},
isbn = {9781605587349},
issn = {03621340},
journal = {ACM SIGPLAN Notices},
keywords = {domain specific languages,parallelism,work},
number = {10},
pages = {227},
title = {{The design of a task parallel library}},
volume = {44},
year = {2009}
}
